@misc{IuriTex,
  author       = {Antico, Iuri},
  title        = {{\LaTeX Template}},
  year         = {2023},
  howpublished = {{\url{https://github.com/chichibio-savoiardi/LaTeX-Template}}}
}
